ISA*00*          *00*          *ZZ*123456789012346*ZZ*123456789012345*080515*1200*>*00501*000010217*0*T*:~GS*HP*9876543210*1234567890*20080515*1200*20214*X*005010X221A1~ST*835*0001*005010X221A1~BPR*I*14.84*C*ACH*CCP*01*111000025*DA*1234567890*1234567890**01*111000025*DA*9876543210*20080515~TRN*1*12345678901*1234567890~DTM*405*20080515~N1*PR*CONSERVATIVE INSURANCE*XV*00123~N3*100 MAIN STREET~N4*COLUMBUS*OH*432150000~N1*PE*LOCAL HOSPITAL*XX*1122334455~N3*3423 SMALL STREET~N4*COLUMBUS*OH*432150000~LX*1~CLP*W392-49141*1*14.84*14.84*0*13*34561W*11*1~NM1*QC*1*SMITH*JAMES*A***MI*34902390F~NM1*IL*1*SMITH*JAMES*A***MI*34902390F~NM1*82*1*RIVERS*DAWN****XX*2244224455~DTM*232*20050617~DTM*233*20050617~SVC*HC:82270*14.84*14.84*0301*1~DTM*472*20050617~SE*22*0001~GE*1*20214~IEA*1*000010217~