ISA*00* *00* *ZZ*PAYER456       *ZZ*PROVIDER123    *260405*1300*^*00501*000000002*0*T*:~
GS*HP*PAYER456*PROVIDER123*20260405*1300*2*X*005010X221A1~
ST*835*0001~
BPR*I*150*C*ACH*CTX*01*999999999*DA*123456*1111111111**01*999999998*DA*654321*20260405~
TRN*1*CHK123456789*1111111111~
DTM*405*20260405~
N1*PR*INSURANCE PAYER~
N1*PE*PROVIDER CLINIC*XX*1234567890~
LX*1~
CLP*MATCH-12345*1*250*150*100*12*REF987654321*11~
NM1*QC*1*DOE*JOHN****MI*123456789~
SVC*HC:99213*250*150~
DTM*472*20260401~
CAS*PR*1*100~
AMT*B6*150~
SE*15*0001~
GE*1*2~
IEA*1*000000002~