ISA*00* *00* *ZZ*MEGAPAYER-XYZ  *ZZ*CITY-HOSPITAL  *260416*0500*^*00501*000002001*0*P*:~
GS*HP*MEGAXYZ*CITYHOSP*20260416*0500*2001*X*005010X221A1~
ST*835*0001~
BPR*I*1300*C*ACH*CTX*01*999999999*DA*123456*1111111111**01*999999998*DA*654321*20260416~
TRN*1*CHK-99887766*1111111111~
DTM*405*20260416~
N1*PR*MEGA HEALTH PAYER~
N1*PE*CITY GENERAL HOSPITAL*XX*1987654321~
LX*1~
CLP*PAT-A-001*1*200*130*20*12*REF-001*11~
NM1*QC*1*WILLIAMS*JOHN****MI*999888777~
SVC*HC:99214*200*130~
DTM*472*20260401~
CAS*CO*45*50~
CAS*PR*3*20~
AMT*B6*150~
CLP*PAT-B-002*22*500*0*0*12*REF-002*11~
NM1*QC*1*TAYLOR*MARIA****MI*444555666~
SVC*HC:36415*500*0~
DTM*472*20260402~
CAS*CO*97*500~
AMT*B6*0~
CLP*PAT-C-003*1*1500*1220*180*12*REF-003*11~
NM1*QC*1*BROWN*DAVID****MI*111222333~
MOA***MA01~
SVC*HC:99205*400*320~
DTM*472*20260403~
CAS*CO*45*80~
AMT*B6*320~
SVC*HC:71045*1100*900~
DTM*472*20260403~
CAS*PR*1*180~
CAS*CO*45*20~
AMT*B6*1080~
PLB*1987654321*20261231*CS*-50~
SE*36*0001~
GE*1*2001~
IEA*1*000002001~