ISA*00* *00* *ZZ*PAYER456       *ZZ*PROVIDER123    *260410*1400*^*00501*000000004*0*T*:~
GS*HP*PAYER456*PROVIDER123*20260410*1400*4*X*005010X221A1~
ST*835*0001~
BPR*I*180*C*ACH*CTX*01*999999999*DA*123456*1111111111**01*999999998*DA*654321*20260410~
TRN*1*CHK987654321*1111111111~
DTM*405*20260410~
N1*PR*INSURANCE PAYER~
N1*PE*PROVIDER CLINIC*XX*1234567890~
LX*1~
CLP*CLAIM-999-ABC*1*300*180*20*12*REF-555444*11~
NM1*QC*1*SMITH*JANE****MI*987654321~
SVC*HC:99214*300*180~
DTM*472*20260404~
CAS*CO*45*100~
CAS*PR*2*20~
AMT*B6*200~
SE*16*0001~
GE*1*4~
IEA*1*000000004~