ISA*00* *00* *ZZ*PAYER456       *ZZ*PROVIDER123    *260406*1000*^*00501*000000006*0*T*:~
GS*HP*PAYER456*PROVIDER123*20260406*1000*6*X*005010X221A1~
ST*835*0001~
BPR*I*50*C*ACH*CTX*01*999999999*DA*123456*1111111111**01*999999998*DA*654321*20260406~
TRN*1*CHK-ERR-999*1111111111~
DTM*405*20260406~
N1*PR*INSURANCE PAYER~
N1*PE*PROVIDER CLINIC*XX*1234567890~
LX*1~
CLP*CLAIM-ERR-01*1*160*50*20*12*REF-999*11~
NM1*QC*1*BROWN*BOB****MI*444555666~
SVC*HC:99214*160*50~
DTM*472*20260402~
CAS*PR*1*20~
CAS*CO*45*70~
AMT*B6*160~
SE*16*0001~
GE*1*6~
IEA*1*000000006~